<?xml version="1.0" encoding="UTF-8"?><record xmlns="http://www.loc.gov/MARC21/slim" xmlns:cinclude="http://apache.org/cocoon/include/1.0" xmlns:zs="http://www.loc.gov/zing/srw/">
  <leader>01391cz  a2200349n  4500</leader>
  <controlfield tag="001">n  81095011 </controlfield>
  <controlfield tag="003">DLC</controlfield>
  <controlfield tag="005">20140307152529.0</controlfield>
  <controlfield tag="008">811019n| azannaabn          |b aaa      </controlfield>
  <datafield tag="010" ind1=" " ind2=" ">
    <subfield code="a">n  81095011 </subfield>
  </datafield>
  <datafield tag="035" ind1=" " ind2=" ">
    <subfield code="a">(OCoLC)oca00640185</subfield>
  </datafield>
  <datafield tag="040" ind1=" " ind2=" ">
    <subfield code="a">DLC</subfield>
    <subfield code="b">eng</subfield>
    <subfield code="e">rda</subfield>
    <subfield code="c">DLC</subfield>
    <subfield code="d">DLC</subfield>
    <subfield code="d">OCoLC</subfield>
    <subfield code="d">DLC</subfield>
  </datafield>
  <datafield tag="046" ind1=" " ind2=" ">
    <subfield code="f">19251028</subfield>
    <subfield code="g">20030509</subfield>
  </datafield>
  <datafield tag="100" ind1="0" ind2=" ">
    <subfield code="a">Ibn-i Farīd,</subfield>
    <subfield code="d">1925-2003</subfield>
  </datafield>
  <datafield tag="374" ind1=" " ind2=" ">
    <subfield code="a">Professor</subfield>
  </datafield>
  <datafield tag="375" ind1=" " ind2=" ">
    <subfield code="a">male</subfield>
  </datafield>
  <datafield tag="377" ind1=" " ind2=" ">
    <subfield code="a">urd</subfield>
  </datafield>
  <datafield tag="400" ind1="0" ind2=" ">
    <subfield code="a">Ibne Farid,</subfield>
    <subfield code="d">1925-2003</subfield>
  </datafield>
  <datafield tag="400" ind1="0" ind2=" ">
    <subfield code="a">Maḥmūd Musṭafā Ṣiddīqī,</subfield>
    <subfield code="d">1925-2003</subfield>
  </datafield>
  <datafield tag="400" ind1="1" ind2=" ">
    <subfield code="a">Farid, Ibn-i,</subfield>
    <subfield code="d">1925-2003</subfield>
  </datafield>
  <datafield tag="400" ind1="1" ind2=" ">
    <subfield code="a">Ṣiddīqī, Maḥmūd Musṭafā,</subfield>
    <subfield code="d">1925-2003</subfield>
  </datafield>
  <datafield tag="400" ind1="0" ind2=" ">
    <subfield code="a">Mahmood Mustafa Siddiqi,</subfield>
    <subfield code="d">1925-2003</subfield>
  </datafield>
  <datafield tag="400" ind1="1" ind2=" ">
    <subfield code="a">Farid, Ibne,</subfield>
    <subfield code="d">1925-2003</subfield>
  </datafield>
  <datafield tag="400" ind1="1" ind2=" ">
    <subfield code="a">Siddiqi, Mahmood Mustafa,</subfield>
    <subfield code="d">1925-2003</subfield>
  </datafield>
  <datafield tag="400" ind1="1" ind2=" ">
    <subfield code="a">Siddiqi, M. M.</subfield>
    <subfield code="q">(Mahmood Mustafa),</subfield>
    <subfield code="d">1925-2003</subfield>
  </datafield>
  <datafield tag="400" ind1="0" ind2=" ">
    <subfield code="w">nnea</subfield>
    <subfield code="a">Ibn-i Farīd,</subfield>
    <subfield code="d">1928-</subfield>
  </datafield>
  <datafield tag="400" ind1="0" ind2=" ">
    <subfield code="a">ابن فريد</subfield>
  </datafield>
  <datafield tag="667" ind1=" " ind2=" ">
    <subfield code="a">Machine-derived non-Latin script reference project.</subfield>
  </datafield>
  <datafield tag="667" ind1=" " ind2=" ">
    <subfield code="a">Non-Latin script reference not evaluated.</subfield>
  </datafield>
  <datafield tag="670" ind1=" " ind2=" ">
    <subfield code="a">Ham kaise rahen̲? 1967.</subfield>
  </datafield>
  <datafield tag="670" ind1=" " ind2=" ">
    <subfield code="a">Faridi, F. R. The Social structure of Indian Muslims, 1992:</subfield>
    <subfield code="b">t.p. (M.M. Siddiqi) jkt. (Dr. Mahmood Mustafa Siddiqi; M.A., Ph. D.; retd. asso. prof., Dept. of Sociol., Aligarh Muslim U.)</subfield>
  </datafield>
  <datafield tag="670" ind1=" " ind2=" ">
    <subfield code="a">Makātīb-i Ibn-i Farīd, 2010 :</subfield>
    <subfield code="b">t.p. (Ibn-i Farīd) p. 8 etc. (b. Oct. 28, 1925; d. May 9, 2003)</subfield>
  </datafield>
</record>